@article{niekum2014learning,
  title={Learning grounded finite-state representations from unstructured demonstrations},
  author={Niekum, Scott and Osentoski, Sarah and Konidaris, George and Chitta, Sachin and Marthi, Bhaskara and Barto, Andrew G},
  journal={The International Journal of Robotics Research},
  pages={0278364914554471},
  year={2014},
  publisher={SAGE Publications}
}

@article{pham2014general,
  title={A general, fast, and robust implementation of the time-optimal path parameterization algorithm},
  author={Pham, Q-C},
  year={2014},
  publisher={IEEE}
}

@article{bergelesconcentric,
  title={Concentric Tube Robot Design and Optimization Based on Task and Anatomical Constraints},
  author={Bergeles, Christos and Gosline, Andrew H and Vasilyev, Nikolay V and Codd, Patrick J and del Nido, Pedro J and Dupont, Pierre E},
  publisher={IEEE}
}

@article{kim2014catching,
  title={Catching objects in flight},
  author={Kim, Seungsu and Shukla, Ashwini and Billard, Aude},
  year={2014},
  publisher={IEEE}
}

@article{kassir2014communication,
  title={Communication-aware information gathering with dynamic information flow},
  author={Kassir, Abdallah and Fitch, Robert and Sukkarieh, Salah},
  journal={The International Journal of Robotics Research},
  pages={0278364914556911},
  year={2014},
  publisher={SAGE Publications}
}

@article{kim2014brvo,
  title={BRVO: Predicting pedestrian trajectories using velocity-space reasoning},
  author={Kim, Sujeong and Guy, Stephen J and Liu, Wenxi and Wilkie, David and Lau, Rynson WH and Lin, Ming C and Manocha, Dinesh},
  journal={The International Journal of Robotics Research},
  pages={0278364914555543},
  year={2014},
  publisher={SAGE Publications}
}
