@article{schneider2010synoptic,
  title={Synoptic: summarizing system logs with refinement},
  author={Schneider, Sigurd and Beschastnikh, Ivan and Chernyak, Slava and Ernst, Michael D and Brun, Yuriy},
  journal={Proc. of SLAML},
  year={2010}
}
