@article{schneider2010synoptic,
  title={Synoptic: summarizing system logs with refinement},
  author={Schneider, Sigurd and Beschastnikh, Ivan and Chernyak, Slava and Ernst, Michael D and Brun, Yuriy},
  journal={Proc. of SLAML},
  year={2010}
}

@article{ernst2007daikon,
  title={The Daikon system for dynamic detection of likely invariants},
  author={Ernst, Michael D and Perkins, Jeff H and Guo, Philip J and McCamant, Stephen and Pacheco, Carlos and Tschantz, Matthew S and Xiao, Chen},
  journal={Science of Computer Programming},
  volume={69},
  number={1},
  pages={35--45},
  year={2007},
  publisher={Elsevier}
}

@inproceedings{kuipers1988robust,
  title={A Robust, Qualitative Method for Robot Spatial Learning.},
  author={Kuipers, Benjamin and Byun, Yung-Tai},
  booktitle={AAAI},
  volume={88},
  pages={774--779},
  year={1988}
}

@inproceedings{peuquet1986use,
  title={The use of spatial relationships to aid spatial database retrieval},
  author={Peuquet, D},
  booktitle={the Proceedings of the 2nd International Symposium on Spatial Data Handling (SDH), Seattle, WA},
  year={1986}
}

@incollection{bindiganavale1998motion,
  title={Motion abstraction and mapping with spatial constraints},
  author={Bindiganavale, Rama and Badler, Norman I},
  booktitle={Modelling and Motion Capture Techniques for Virtual Environments},
  pages={70--82},
  year={1998},
  publisher={Springer}
}

@inproceedings{carzaniga2013automatic,
  title={Automatic recovery from runtime failures},
  author={Carzaniga, Antonio and Gorla, Alessandra and Mattavelli, Andrea and Perino, Nicolo and Pezze, Mauro},
  booktitle={Proceedings of the 2013 International Conference on Software Engineering},
  pages={782--791},
  year={2013},
  organization={IEEE Press}
}
@inproceedings{fedorov1885elements,
  title={The elements of the study of figures.[Russian](2) 21},
  author={Fedorov, ES},
  booktitle={Zapiski Imperatorskogo S. Peterburgskogo Mineralogichesgo Obshchestva [Proc. S. Peterb. Mineral. Soc.]},
  pages={1--289},
  year={1885}
}

@inproceedings{kataoka2001automated,
  title={Automated support for program refactoring using invariants},
  author={Kataoka, Yoshio and Notkin, David and Ernst, Michael D and Griswold, William G},
  booktitle={Proceedings of the IEEE International Conference on Software Maintenance (ICSM'01)},
  pages={736},
  year={2001},
  organization={IEEE Computer Society}
}

@inproceedings{sahoo2008using,
  title={Using likely program invariants to detect hardware errors},
  author={Sahoo, Swarup Kumar and Li, Man-Lap and Ramachandran, Pradeep and Adve, Sarita V and Adve, Vikram S and Zhou, Yuanyuan},
  booktitle={Dependable Systems and Networks With FTCS and DCC, 2008. DSN 2008. IEEE International Conference on},
  pages={70--79},
  year={2008},
  organization={IEEE}
}

@article{van1996spatial,
  title={Spatial abstraction based on hierarchical re-classification},
  author={Van Smaalen, John WN},
  journal={Cartographica: The International Journal for Geographic Information and Geovisualization},
  volume={33},
  number={1},
  pages={65--73},
  year={1996},
  publisher={UT Press}
}

 %OCCUPANCY GRIDS
@inproceedings{moravec1985high,
  title={High resolution maps from wide angle sonar},
  author={Moravec, Hans P and Elfes, Alberto},
  booktitle={Robotics and Automation. Proceedings. 1985 IEEE International Conference on},
  volume={2},
  pages={116--121},
  year={1985},
  organization={IEEE}
}

% TRAFFIC AND BLOOD FLOW - PROPERTIES LIKE 'FLUID' AND 'CONGESTED'
@article{shahar1998knowledge,
  title={Knowledge-based spatiotemporal linear abstraction},
  author={Shahar, Yuval and Molina, Martin},
  journal={Pattern Analysis and Applications},
  volume={1},
  number={2},
  pages={91--104},
  year={1998},
  publisher={Springer}
}

